% Encoding: UTF-8

@Article{Cherubin2017,
  author    = {Giovanni Cherubin},
  journal   = {Proceedings on Privacy Enhancing Technologies},
  title     = {{B}ayes, not {N}a誰ve: {S}ecurity {B}ounds on {W}ebsite {F}ingerprinting {D}efenses},
  year      = {2017},
  month     = {oct},
  number    = {4},
  pages     = {215--231},
  volume    = {2017},
  doi       = {10.1515/popets-2017-0046},
  file      = {:Cherubin2017 - Bayes, Not Na誰ve_ Security Bounds on Website Fingerprinting Defenses.pdf:PDF},
  groups    = {Evaluation},
  publisher = {Walter de Gruyter {GmbH}},
  url       = {https://petsymposium.org/2017/papers/issue4/paper50-2017-4-source.pdf},
}

@InProceedings{Dyer2012,
  author    = {Kevin P. Dyer and Scott E. Coull and Thomas Ristenpart and Thomas Shrimpton},
  booktitle = {2012 {IEEE} Symposium on Security and Privacy},
  title     = {{P}eek-a-{B}oo, {I} {S}till {S}ee {Y}ou: {W}hy {E}fficient {T}raffic {A}nalysis {C}ountermeasures {F}ail},
  year      = {2012},
  month     = {may},
  publisher = {{IEEE}},
  doi       = {10.1109/sp.2012.28},
  file      = {:Dyer2012 - Peek a Boo, I Still See You_ Why Efficient Traffic Analysis Countermeasures Fail.pdf:PDF},
  groups    = {Evaluation},
  url       = {https://cise.ufl.edu/~teshrim/tmAnotherLook.pdf},
}

@InProceedings{Herrmann2009,
  author    = {Dominik Herrmann and Rolf Wendolsky and Hannes Federrath},
  booktitle = {Proceedings of the 2009 {ACM} workshop on Cloud computing security - {CCSW} {\textquotesingle}09},
  title     = {Website {F}ingerprinting: {A}ttacking {P}opular {P}rivacy {E}nhancing {T}echnologies with the {M}ultinomial {N}a誰ve-{B}ayes {C}lassifier},
  year      = {2009},
  publisher = {{ACM} Press},
  doi       = {10.1145/1655008.1655013},
  file      = {:Herrmann2009 - Website Fingerprinting_ Attacking Popular Privacy Enhancing Technologies with the Multinomial Na誰ve Bayes Classifier.pdf:PDF},
  groups    = {Datasets, Attacks},
  url       = {https://dl.acm.org/doi/pdf/10.1145/1655008.1655013},
}

@InProceedings{Liberatore2006,
  author    = {Marc Liberatore and Brian Neil Levine},
  booktitle = {Proceedings of the 13th {ACM} conference on Computer and communications security - {CCS} {\textquotesingle}06},
  title     = {Inferring the {S}ource of {E}ncrypted {HTTP} {C}onnections},
  year      = {2006},
  publisher = {{ACM} Press},
  doi       = {10.1145/1180405.1180437},
  file      = {:Liberatore2006 - Inferring the Source of Encrypted HTTP Connections.pdf:PDF},
  groups    = {Attacks, Datasets},
  url       = {https://dl.acm.org/doi/pdf/10.1145/1180405.1180437},
}

@InProceedings{Panchenko2011,
  author    = {Andriy Panchenko and Lukas Niessen and Andreas Zinnen and Thomas Engel},
  booktitle = {Proceedings of the 10th annual {ACM} workshop on Privacy in the electronic society - {WPES} {\textquotesingle}11},
  title     = {Website {F}ingerprinting in {O}nion {R}outing {B}ased {A}nonymization {N}etworks},
  year      = {2011},
  publisher = {{ACM} Press},
  doi       = {10.1145/2046556.2046570},
  file      = {:Panchenko2011 - Website Fingerprinting in Onion Routing Based Anonymization Networks.pdf:PDF},
  groups    = {Attacks},
  url       = {https://dl.acm.org/doi/pdf/10.1145/2046556.2046570},
}

@InProceedings{Wright2009,
  author    = {Wright, Charles and Coull, Scott and Monrose, Fabian},
  booktitle = {Proceedings of the 16th annual Network and Distributed System Security Symposium - {NDSS} {\textquotesingle}09},
  title     = {{T}raffic {M}orphing: {A}n {E}fficient {D}efense {A}gainst {S}tatistical {T}raffic {A}nalysis},
  year      = {2009},
  month     = jan,
  publisher = {NDSS},
  file      = {:Wright2009 - Traffic Morphing_ an Efficient Defense against Statistical Traffic Analysis.pdf:PDF},
  groups    = {Countermeasures},
  url       = {https://www.ndss-symposium.org/wp-content/uploads/2017/09/wright.pdf},
}

@Comment{jabref-meta: databaseType:bibtex;}

@Comment{jabref-meta: grouping:
0 AllEntriesGroup:;
1 StaticGroup:Attacks\;0\;1\;0xcc3333ff\;E\;Papers on attacks regarding Website Fingerprinting\;;
1 StaticGroup:Countermeasures\;0\;0\;0x008000ff\;\;\;;
1 StaticGroup:Datasets\;0\;1\;0xffb366ff\;\;\;;
1 StaticGroup:Evaluation\;0\;0\;0x0000ffff\;\;\;;
}
